@inproceedings{korhonen2012peak,
  title={Peak signal-to-noise ratio revisited: Is simple beautiful?},
  author={Korhonen, Jari and You, Junyong},
  booktitle={2012 Fourth international workshop on quality of multimedia experience},
  pages={37--38},
  year={2012},
  organization={IEEE}
}

@article{al2012comprehensive,
  title={A comprehensive study on fast image deblurring techniques},
  author={Al-Ameen, Zohair and Sulong, Ghazali and Johar, Md Gapar Md and Verma, Neha and Kumar, Rakesh and Dachyar, M and Alkhawlani, M and Mohsen, A and Singh, H and Singh, Sarabjeet and others},
  journal={International Journal of Advanced Science and Technology},
  volume={44},
  year={2012},
  publisher={Citeseer}
}

@article{brunet2011mathematical,
  title={On the mathematical properties of the structural similarity index},
  author={Brunet, Dominique and Vrscay, Edward R and Wang, Zhou},
  journal={IEEE Transactions on Image Processing},
  volume={21},
  number={4},
  pages={1488--1499},
  year={2011},
  publisher={IEEE}
}

@article{wang2009mean,
  title={Mean squared error: Love it or leave it? A new look at signal fidelity measures},
  author={Wang, Zhou and Bovik, Alan C},
  journal={IEEE signal processing magazine},
  volume={26},
  number={1},
  pages={98--117},
  year={2009},
  publisher={IEEE}
}

@article{wang2002universal,
  title={A universal image quality index},
  author={Wang, Zhou and Bovik, Alan C},
  journal={IEEE signal processing letters},
  volume={9},
  number={3},
  pages={81--84},
  year={2002},
  publisher={IEEE}
}